% ------------------------------------------------------------------------
% BIBLIOGRAPHY FILE
% ------------------------------------------------------------------------
\begin{thebibliography}{99}

@ARTICLE{Hor,
  author =       {Petr Horáček},
  title =        {LABORATORY EXPERIMENTS FOR CONTROL THEORY COURSES: A SURVEY},
  journal =      {Annual Reviews in Control },
  year =         {2000},
  volume =       {24},
  pages =        {151-162},
}

 @MISC{Git,
  author =       {Gergely Takacs},
  title =        {AutomationShield},
  howpublished = {Code. Online.},
  year =         {2021},
  note =         {23.12.2021, \url{https://github.com/gergelytakacs/AutomationShield}},
}

 @MISC{Auto,
  author =       {Gergely Takacs},
  title =        {AutomationShield},
  howpublished = {Wiki. Online.},
  year =         {2021},
  note =         {13.7.2021, \url{https://github.com/gergelytakacs/AutomationShield/wiki}},
}

 @MISC{UNO,
  author =       {},
  title =        {Arduino Uno Rev3},
  howpublished = {Info. Online.},
  year =         {2021},
  note =         {2021, \url{https://store.arduino.cc/products/arduino-uno-rev3}},
}

 @MISC{senzor,
  author =       {Ed Edwards},
  title =        {All About Position Sensors},
  howpublished = {article. Online.},
  year =         {},
  note =         { 2021, \url{https://www.thomasnet.com/articles/instruments-controls/all-about-position-sensors}},
}

@ARTICLE{stamp,
  author =       {Harry Baggen},
  title =        {The Javelin Stamp},
  journal =      {Elector Electronics},
  year =         {2003},
  volume =       {1},
  number = 	     {1},
  pages =        {0},
}

@MISC{ampere,
  author =       {Arduino},
  title =        {Overview of the Arduino UNO Components},
  howpublished = {article. Online.},
  year =         {2021},
  note =         { 2021, \url{https://docs.arduino.cc/tutorials/uno-rev3/intro-to-board}},
}

@MISC{ampere2,
  author =       {-},
  title =        {Arduino UNO R3 - SCHEMATIC with CH340},
  howpublished = {article. Online.},
  year =         {2021},
  note =         { 2021, \url{http://electronoobs.com/eng_arduino_tut31_sch3.php}},
}

@MISC{AeroPendulumTeheran,
  author =       {Fanavaran Sharif},
  title =        {Aero Pendulum Control System (PR22)},
  howpublished = {Store. Online.},
  year =         {2021},
  note =         { 2021, \url{https://www.zoodel.com/en/product/ZP22344/Aero-Pendulum-Control-System-PR22}},
}

@MISC{Hall,
  author =       {The Editors of Encyclopaedia Britannica},
  title =        {Hall effect},
  howpublished = {article. Online.},
  year =         {2021},
  note =         { 2021, \url{https://www.britannica.com/science/Hall-effect}},
}

@MISC{INA,
  author =       {SHAWN HYMEL},
  title =        {INA169 Breakout Board Hookup Guide},
  howpublished = {article. Online.},
  year =         {2021},
  note =         { 2021, \url{https://learn.sparkfun.com/tutorials/ina169-breakout-board-hookup-guide/all}},
}
@MISC{INAobr,
  author =       {-},
  title =        {INA169NA/250},
  howpublished = {store. Online.},
  year =         {2021},
  note =         { 2021, \url{https://www.ti.com/store/ti/en/p/product/?p=INA169NA/250}},
}

@MISC{buckobr,
  author =       {-},
  title =        {Texas Instruments TPS56339 Buck Converters},
  howpublished = {store. Online.},
  year =         {2021},
  note =         { 2021, \url{https://www.mouser.ee/new/texas-instruments/ti-tps56339-buck-converters/}},
}

@MISC{As5600obr,
  author =       {-},
  title =        {Hallův snímač AS5600-ASOM},
  howpublished = {store. Online.},
  year =         {2021},
  note =         { 2021, \url{https://sk.rsdelivers.com/product/ams/as5600-asom/halluv-snimac-as5600-asom-pocet-koliku-8-soic-typ/2006337}},
}
@INPROCEEDINGS{5545147,
  author={Yasuhiro, Komatsu and Amarsanaa, Tur-Amgalan and Araki, Yoshihiko and Zawawi, Syed Abdul Kadir and Keita, Takamura},
  booktitle={SPEEDAM 2010},
  title={Design of the unidirectional current type coreless DC brushless motor for electrical vehicle with low cost and high efficiency},
  year={2010},
  volume={},
  number={},
  pages={1036-1039},
  doi={10.1109/SPEEDAM.2010.5545147}}

@MISC{coreless,
  author =       {DANIELLE COLLINS},
  title =        {What are coreless DC motors?},
  howpublished = {article. Online.},
  year =         {2018},
  note =         { 09.10.2021, \url{https://www.motioncontroltips.com/what-are-coreless-dc-motors/}},
}

@MISC{corelessMotor,
  author =       {-},
  title =        {7mm Diameter 720 Coreless Motor for Quadcopter},
  howpublished = {shop. Online.},
  year =         {2021},
  note =         {2021, \url{https://www.elecrow.com/7mm-diameter-720-coreless-motor-for-quadcopter.html}},
}

@MISC{pmv,
  author =       {-},
  title =        {PMV45EN2},
  howpublished = {shop. Online.},
  year =         {2021},
  note =         {2021, \url{https://www.nexperia.com/products/mosfets/small-signal-mosfets/PMV45EN2.html}},
}

@MISC{dosky,
	author =       {-},
	title =        {PROTOTYPING CIRCUIT BOARDS: EVERYTHING YOU NEED TO KNOW BEFORE YOU START},
	howpublished = {article. Online.},
	year =         {2020},
	note =         {2020, \url{https://www.pcbnet.com/blog/prototyping-circuit-boards-everything-you-need-to-know-before-you-start/}},
}

@MISC{datovetypy,
	author =       {-},
	title =        {Arduino - Data Types},
	howpublished = {article. Online.},
	year =         {-},
	note =         {2022, \url{https://www.tutorialspoint.com/arduino/arduino_data_types.htm}},
}

@MISC{oop,
	author =       {-},
	title =        {Writing a Library for Arduino},
	howpublished = {article. Online.},
	year =         {2022},
	note =         {2022, \url{https://docs.arduino.cc/hacking/software/LibraryTutorial}},
}

@MISC{linearMap,
	author =       {Martin Golubitsky, Michael Dellnitz},
	title =        {Linear Mappings and Bases},
	howpublished = {article. Online.},
	year =         {-},
	note =         {2022, \url{https://ximera.osu.edu/laode/linearAlgebra/linearMapsAndChangesOfCoordinates/linearMappingsAndBases}},
}

@MISC{idvac,
	author =       {Nicholas Zambetti},
	title =        {A Guide to Arduino \& the I2C Protocol (Two Wire)},
	howpublished = {article. Online.},
	year =         {2022},
	note =         {2022, \url{https://docs.arduino.cc/learn/communication/wire}},
}

@MISC{biteShift,
	author =       {-},
	title =        {Bit Shifting},
	howpublished = {article. Online.},
	year =         {2017},
	note =         {2022, \url{https://www.techopedia.com/definition/26846/bit-shifting}},
}



% Webstranka, manual, podobne nezoraditelne veci
%% @MISC{MatlabRECURSIVE2014,
%  author =       {{The Mathworks}},
%  title =        {Documentation Center, System Identification Toolbox, Linear Model Identification, Input-Output Polynomial Models, Algorithms for Recursive Estimation},
%  howpublished = {User's manual. Online.},
%  year =         {2014},
%  note =         {3.7.2014, \url{http://www.mathworks.com/help/ident/ug/algorithms-for-recursive-estimation.html}},
%}

% @MISC{INA2021,
%  author =       {{The Mathworks}},
 % title =        {Documentation Center, System Identification Toolbox, Linear Model Identification, Input-Output Polynomial Models, Algorithms for Recursive Estimation},
 % howpublished = {User's manual. Online.},
 % year =         {2014},
%  note =         {3.7.2014, \url{http://www.mathworks.com/help/ident/ug/algorithms-for-recursive-estimation.html}},
%}

 %@MISC{BUCK2021,
 % author =       {{The Mathworks}},
 % title =        {Documentation Center, System Identification Toolbox, Linear Model Identification, Input-Output Polynomial Models, Algorithms for Recursive Estimation},
%  howpublished = {User's manual. Online.},
%  year =         {2014},
%  note =         {3.7.2014, \url{http://www.mathworks.com/help/ident/ug/algorithms-for-recursive-estimation.html}},
%}

 %@MISC{MOSFET2021,
%  author =       {{The Mathworks}},
 % title =        {Documentation Center, System Identification Toolbox, Linear Model Identification, Input-Output Polynomial Models, Algorithms for Recursive Estimation},
 % howpublished = {User's manual. Online.},
 % year =         {2014},
%  note =         {3.7.2014, \url{http://www.mathworks.com/help/ident/ug/algorithms-for-recursive-estimation.html}},
%}

% Kniha
%@Book{Eykhoff84,
%  author    = {P. Eykhoff},
%  title     = {System identification},
%  publisher = {Willey and Sons},
%  year      = {1984},
%  address   = {London},
%  ISBN      = {},
%}

%Clanok v casopise
%@ARTICLE{Far90,
%  author =       {J. Farison and S. Kolla},
%  title =        {Asymptotic stability for class of linear discrete systems with bounded uncertainties - comment},
 % journal =      {IEEE Trans. of Auto Cont.},
%  year =         {1990},
%  volume =       {35},
%  number = 	{2},
%  pages =        {382-384},
%}

%%Konferencny clanok (v zborniku)
%@INPROCEEDINGS{,
%  author =       {F. A. C. C. Fontes},
%  title =        {Overview of nonlinear model predictive control schemes leading
 %                 to stability},
%  booktitle =    {Proceedings of CONTROLO 2000 - 4th Portugalese conference
%                  on automatic control},
%  year =         {2000},
 % address =      {Guimar\~{a}es, Portugal},
 % month =        {October},
%}

%% Doktorandska praca
%@PHDTHESIS{Guy99,
%  author =       {T. V. Guy},
%  title =        {Hybrid adaptive controller},
%  school =       {Czech Technical University in Prague, Faculty of Electrical Engineering},
%  year =         {1999},
%  address =      {Prague, Czech republic},
%  month =        {April},
%}

% Technicka sprava
%@TECHREPORT{Karny80,
%  AUTHOR =       {M. K\'{a}rn\'{y}},
%  TITLE =        {Algoritmus identifikace a vyp\'{i}nan\'{i}},
%  INSTITUTION =  {UTIA \v{C}SAV},
%  YEAR =         {1980},
%  type =         {Zpr\'{a}va},
%  number =       {9999}
%}

% V zbierke, a serie knih
%@INCOLLECTION{Qin99,
%  author =       {S. J. Qin and T. A. Badgwell},
%  title =        {An Overview of Nonlinear Model Predictive Control Applications},
 % booktitle =    {Nonlinear Model Predictive Control},
%% publisher =    {Birkhauser Verlag},
%  year =         {1999},
 % editor =       {F. Allg\"{o}wer},
%  pages  =       {369-392},
%  address =      {Switzerland},
%}
